%YAML 1.1
%TAG !u! tag:unity3d.com,2011:
--- !u!1 &4012908594299659895
GameObject:
  m_ObjectHideFlags: 0
  m_CorrespondingSourceObject: {fileID: 0}
  m_PrefabInstance: {fileID: 0}
  m_PrefabAsset: {fileID: 0}
  serializedVersion: 6
  m_Component:
  - component: {fileID: 4012908594299659892}
  - component: {fileID: 4012908594299659786}
  - component: {fileID: 4012908594299659893}
  - component: {fileID: 4012908594299659787}
  m_Layer: 0
  m_Name: NPC - BIKE - HOLDER
  m_TagString: NPCBike
  m_Icon: {fileID: 0}
  m_NavMeshLayer: 0
  m_StaticEditorFlags: 0
  m_IsActive: 1
--- !u!4 &4012908594299659892
Transform:
  m_ObjectHideFlags: 0
  m_CorrespondingSourceObject: {fileID: 0}
  m_PrefabInstance: {fileID: 0}
  m_PrefabAsset: {fileID: 0}
  m_GameObject: {fileID: 4012908594299659895}
  m_LocalRotation: {x: -0, y: -0, z: -0, w: 1}
  m_LocalPosition: {x: 4.1, y: -1.49, z: -13.73}
  m_LocalScale: {x: 1, y: 1, z: 1}
  m_Children:
  - {fileID: 4012908593203073462}
  m_Father: {fileID: 0}
  m_RootOrder: 0
  m_LocalEulerAnglesHint: {x: 0, y: 0, z: 0}
--- !u!54 &4012908594299659786
Rigidbody:
  m_ObjectHideFlags: 0
  m_CorrespondingSourceObject: {fileID: 0}
  m_PrefabInstance: {fileID: 0}
  m_PrefabAsset: {fileID: 0}
  m_GameObject: {fileID: 4012908594299659895}
  serializedVersion: 2
  m_Mass: 1
  m_Drag: 0
  m_AngularDrag: 0.05
  m_UseGravity: 0
  m_IsKinematic: 0
  m_Interpolate: 0
  m_Constraints: 112
  m_CollisionDetection: 0
--- !u!65 &4012908594299659893
BoxCollider:
  m_ObjectHideFlags: 0
  m_CorrespondingSourceObject: {fileID: 0}
  m_PrefabInstance: {fileID: 0}
  m_PrefabAsset: {fileID: 0}
  m_GameObject: {fileID: 4012908594299659895}
  m_Material: {fileID: 0}
  m_IsTrigger: 1
  m_Enabled: 1
  serializedVersion: 2
  m_Size: {x: 1.8, y: 3, z: 4.04}
  m_Center: {x: 0, y: 1.56, z: 0}
--- !u!114 &4012908594299659787
MonoBehaviour:
  m_ObjectHideFlags: 0
  m_CorrespondingSourceObject: {fileID: 0}
  m_PrefabInstance: {fileID: 0}
  m_PrefabAsset: {fileID: 0}
  m_GameObject: {fileID: 4012908594299659895}
  m_Enabled: 1
  m_EditorHideFlags: 0
  m_Script: {fileID: 11500000, guid: be4f2fe359fbb488d8a6ad1c7a2d45eb, type: 3}
  m_Name: 
  m_EditorClassIdentifier: 
  m_IsCarMove: 0
  carMovementSpeed: 13
  rigidbody: {fileID: 0}
--- !u!1001 &4012908593203183920
PrefabInstance:
  m_ObjectHideFlags: 0
  serializedVersion: 2
  m_Modification:
    m_TransformParent: {fileID: 4012908594299659892}
    m_Modifications:
    - target: {fileID: 157828, guid: ac15d2574a3b71b4eb1290addd052ac5, type: 3}
      propertyPath: m_Name
      value: SR_Veh_MotorBike_Purple
      objectReference: {fileID: 0}
    - target: {fileID: 413830, guid: ac15d2574a3b71b4eb1290addd052ac5, type: 3}
      propertyPath: m_LocalPosition.x
      value: 0
      objectReference: {fileID: 0}
    - target: {fileID: 413830, guid: ac15d2574a3b71b4eb1290addd052ac5, type: 3}
      propertyPath: m_LocalPosition.y
      value: 0
      objectReference: {fileID: 0}
    - target: {fileID: 413830, guid: ac15d2574a3b71b4eb1290addd052ac5, type: 3}
      propertyPath: m_LocalPosition.z
      value: 0
      objectReference: {fileID: 0}
    - target: {fileID: 413830, guid: ac15d2574a3b71b4eb1290addd052ac5, type: 3}
      propertyPath: m_LocalRotation.x
      value: -0
      objectReference: {fileID: 0}
    - target: {fileID: 413830, guid: ac15d2574a3b71b4eb1290addd052ac5, type: 3}
      propertyPath: m_LocalRotation.y
      value: -0
      objectReference: {fileID: 0}
    - target: {fileID: 413830, guid: ac15d2574a3b71b4eb1290addd052ac5, type: 3}
      propertyPath: m_LocalRotation.z
      value: -0
      objectReference: {fileID: 0}
    - target: {fileID: 413830, guid: ac15d2574a3b71b4eb1290addd052ac5, type: 3}
      propertyPath: m_LocalRotation.w
      value: 1
      objectReference: {fileID: 0}
    - target: {fileID: 413830, guid: ac15d2574a3b71b4eb1290addd052ac5, type: 3}
      propertyPath: m_RootOrder
      value: 0
      objectReference: {fileID: 0}
    - target: {fileID: 413830, guid: ac15d2574a3b71b4eb1290addd052ac5, type: 3}
      propertyPath: m_LocalEulerAnglesHint.x
      value: 0
      objectReference: {fileID: 0}
    - target: {fileID: 413830, guid: ac15d2574a3b71b4eb1290addd052ac5, type: 3}
      propertyPath: m_LocalEulerAnglesHint.y
      value: 0
      objectReference: {fileID: 0}
    - target: {fileID: 413830, guid: ac15d2574a3b71b4eb1290addd052ac5, type: 3}
      propertyPath: m_LocalEulerAnglesHint.z
      value: 0
      objectReference: {fileID: 0}
    m_RemovedComponents: []
  m_SourcePrefab: {fileID: 100100000, guid: ac15d2574a3b71b4eb1290addd052ac5, type: 3}
--- !u!4 &4012908593203073462 stripped
Transform:
  m_CorrespondingSourceObject: {fileID: 413830, guid: ac15d2574a3b71b4eb1290addd052ac5,
    type: 3}
  m_PrefabInstance: {fileID: 4012908593203183920}
  m_PrefabAsset: {fileID: 0}
--- !u!1001 &4012908593640025134
PrefabInstance:
  m_ObjectHideFlags: 0
  serializedVersion: 2
  m_Modification:
    m_TransformParent: {fileID: 4012908593203073462}
    m_Modifications:
    - target: {fileID: 100062, guid: eb74001d316b01943b94216c018fb064, type: 3}
      propertyPath: m_Name
      value: SportsBike
      objectReference: {fileID: 0}
    - target: {fileID: 100062, guid: eb74001d316b01943b94216c018fb064, type: 3}
      propertyPath: m_IsActive
      value: 1
      objectReference: {fileID: 0}
    - target: {fileID: 400062, guid: eb74001d316b01943b94216c018fb064, type: 3}
      propertyPath: m_LocalPosition.x
      value: -0
      objectReference: {fileID: 0}
    - target: {fileID: 400062, guid: eb74001d316b01943b94216c018fb064, type: 3}
      propertyPath: m_LocalPosition.y
      value: 0
      objectReference: {fileID: 0}
    - target: {fileID: 400062, guid: eb74001d316b01943b94216c018fb064, type: 3}
      propertyPath: m_LocalPosition.z
      value: 0
      objectReference: {fileID: 0}
    - target: {fileID: 400062, guid: eb74001d316b01943b94216c018fb064, type: 3}
      propertyPath: m_LocalRotation.x
      value: 0
      objectReference: {fileID: 0}
    - target: {fileID: 400062, guid: eb74001d316b01943b94216c018fb064, type: 3}
      propertyPath: m_LocalRotation.y
      value: -0
      objectReference: {fileID: 0}
    - target: {fileID: 400062, guid: eb74001d316b01943b94216c018fb064, type: 3}
      propertyPath: m_LocalRotation.z
      value: -0
      objectReference: {fileID: 0}
    - target: {fileID: 400062, guid: eb74001d316b01943b94216c018fb064, type: 3}
      propertyPath: m_LocalRotation.w
      value: 1
      objectReference: {fileID: 0}
    - target: {fileID: 400062, guid: eb74001d316b01943b94216c018fb064, type: 3}
      propertyPath: m_RootOrder
      value: 2
      objectReference: {fileID: 0}
    - target: {fileID: 400062, guid: eb74001d316b01943b94216c018fb064, type: 3}
      propertyPath: m_LocalEulerAnglesHint.x
      value: 0
      objectReference: {fileID: 0}
    - target: {fileID: 400062, guid: eb74001d316b01943b94216c018fb064, type: 3}
      propertyPath: m_LocalEulerAnglesHint.y
      value: 0
      objectReference: {fileID: 0}
    - target: {fileID: 400062, guid: eb74001d316b01943b94216c018fb064, type: 3}
      propertyPath: m_LocalEulerAnglesHint.z
      value: 0
      objectReference: {fileID: 0}
    m_RemovedComponents: []
  m_SourcePrefab: {fileID: 100100000, guid: eb74001d316b01943b94216c018fb064, type: 3}
